<?xml version="1.0" encoding="UTF-8"?><record xmlns="http://www.loc.gov/MARC21/slim" xmlns:cinclude="http://apache.org/cocoon/include/1.0" xmlns:zs="http://www.loc.gov/zing/srw/">
  <leader>00497nz  a2200145n  4500</leader>
  <controlfield tag="001">n 2005184166</controlfield>
  <controlfield tag="003">DLC</controlfield>
  <controlfield tag="005">20051026044102.0</controlfield>
  <controlfield tag="008">051026n| acannaabn          |n aaa      </controlfield>
  <datafield tag="010" ind1=" " ind2=" ">
    <subfield code="a">n 2005184166</subfield>
  </datafield>
  <datafield tag="035" ind1=" " ind2=" ">
    <subfield code="a">(DNLM)1075237</subfield>
  </datafield>
  <datafield tag="040" ind1=" " ind2=" ">
    <subfield code="a">DNLM</subfield>
    <subfield code="b">eng</subfield>
    <subfield code="c">DNLM</subfield>
  </datafield>
  <datafield tag="100" ind1="1" ind2=" ">
    <subfield code="a">Singh, Keshav K.</subfield>
  </datafield>
  <datafield tag="670" ind1=" " ind2=" ">
    <subfield code="a">Oxidative stress, disease, and cancer, 2005:</subfield>
    <subfield code="b">CIP t.p. (Keshav Singh, Roswell Park Cancer Inst.) galley (Keshav K. Singh)</subfield>
  </datafield>
  <datafield tag="670" ind1=" " ind2=" ">
    <subfield code="a">LC/NLM files 10/4/05 (hdg.: Singh, Keshav K.; usage: Keshav K. Singh)</subfield>
  </datafield>
</record>